<collection xmlns="http://www.loc.gov/MARC21/slim"><record><leader>00907nam  2200253   450</leader><controlfield tag="001">911</controlfield><controlfield tag="003">http://montalegre.opacnet.com/OPAC/default.aspx?ContentAreaControl=ShowRegHoldings.ascx&amp;RegNo=16662</controlfield><datafield tag="021" ind1=" " ind2=" "><subfield code="a">PT</subfield><subfield code="b">14327/87</subfield></datafield><datafield tag="095" ind1=" " ind2=" "><subfield code="a">PTBN00032974</subfield></datafield><datafield tag="100" ind1=" " ind2=" "><subfield code="a">20070329g1987    de y0pory0103    ba</subfield></datafield><datafield tag="101" ind1="1" ind2=" "><subfield code="a">por</subfield><subfield code="c">fre</subfield></datafield><datafield tag="102" ind1=" " ind2=" "><subfield code="a">PT</subfield></datafield><datafield tag="200" ind1="1" ind2=" "><subfield code="a">&lt;Os &gt;filhos do capitão Grant</subfield><subfield code="f">Júlio Verne</subfield><subfield code="g">trad. Ana Rabaça</subfield></datafield><datafield tag="210" ind1=" " ind2=" "><subfield code="a">Mem Martins</subfield><subfield code="c">Europa-América</subfield><subfield code="d">D.L. 1987</subfield></datafield><datafield tag="215" ind1=" " ind2=" "><subfield code="a">v.</subfield><subfield code="d">18 cm</subfield></datafield><datafield tag="225" ind1="2" ind2=" "><subfield code="a">Livros de bolso Europa-América</subfield><subfield code="v">479</subfield></datafield><datafield tag="304" ind1=" " ind2=" "><subfield code="a">Tít. orig. : Les enfants du capitaine Grant</subfield></datafield><datafield tag="327" ind1="0" ind2=" "><subfield code="a">1" v. : 197 p.</subfield></datafield><datafield tag="675" ind1=" " ind2=" "><subfield code="a">087.5</subfield><subfield code="v">BN</subfield><subfield code="z">por</subfield><subfield code="v">med</subfield><subfield code="z">por</subfield><subfield code="3">287999</subfield></datafield><datafield tag="700" ind1=" " ind2="1"><subfield code="a">Verne</subfield><subfield code="b">Jules</subfield><subfield code="f">1828-1905</subfield><subfield code="3">27932</subfield></datafield><datafield tag="702" ind1=" " ind2="1"><subfield code="a">Rabaça</subfield><subfield code="b">Ana Maria</subfield><subfield code="4">730</subfield><subfield code="3">24332</subfield></datafield><datafield tag="801" ind1=" " ind2="0"><subfield code="a">PT</subfield><subfield code="b">Biblioteca Municipal de Montalegre</subfield><subfield code="g">RPC</subfield></datafield><datafield tag="856" ind1=" " ind2=" "><subfield code="u">locateMedia.asp?cod=20060629122712&amp;ext=jpg</subfield><subfield code="z">CAPA</subfield></datafield><datafield tag="909" ind1="&#9;" ind2=" "><subfield code="a">2</subfield></datafield><datafield tag="966" ind1=" " ind2=" "><subfield code="a">0003178</subfield><subfield code="l">BMM</subfield><subfield code="s">SJ 087.5 VER fil 479 Vol.1</subfield></datafield><datafield tag="966" ind1=" " ind2=" "><subfield code="a">0005528</subfield><subfield code="l">BMM</subfield><subfield code="s">SJ 087.5 VER fil 479 Vol.1</subfield></datafield></record></collection>